<?xml version="1.0" encoding="UTF-8"?><collection xmlns="http://www.loc.gov/MARC21/slim"><record><leader>00358nam--2200133-i-4500</leader><controlfield tag="001">000030221</controlfield><controlfield tag="002">20161230</controlfield><controlfield tag="005">20161230201038</controlfield><controlfield tag="008">060222s1000------------r-----000-0-eng-d</controlfield><datafield ind1=" " ind2=" " tag="080"><subfield code="a">621.316.5</subfield></datafield><datafield ind1=" " ind2=" " tag="100"><subfield code="a">Miller, Raymond E</subfield></datafield><datafield ind1=" " ind2=" " tag="245"><subfield code="a">Switching theory. vol1.combinational circuits</subfield></datafield><datafield ind1=" " ind2=" " tag="260"><subfield code="a">New York, John Wiley &amp; Sons Inc.,1965. Xiii+351p</subfield></datafield><datafield ind1=" " ind2=" " tag="852"><subfield code="a">22476</subfield></datafield></record></collection>